<record><leader>00000cas a22000007a 4500</leader><controlfield tag="001">11484663</controlfield><controlfield tag="008">841212c19uu9999fludn n       0   a0eng d</controlfield><datafield ind1=" " ind2=" " tag="010"><subfield code="a">sn 84002143 </subfield></datafield><datafield ind1=" " ind2=" " tag="040"><subfield code="a">NSD</subfield><subfield code="b">eng</subfield><subfield code="c">NSD</subfield><subfield code="d">OCLCQ</subfield></datafield><datafield ind1=" " ind2=" " tag="012"><subfield code="m">1</subfield></datafield><datafield ind1="1" ind2=" " tag="022"><subfield code="a">8750-5339</subfield><subfield code="l">8750-5339</subfield><subfield code="2">1</subfield></datafield><datafield ind1=" " ind2=" " tag="032"><subfield code="a">418760</subfield><subfield code="b">USPS</subfield></datafield><datafield ind1=" " ind2=" " tag="037"><subfield code="b">Evening Times, 2751 So. Dixie Hgwy, West Palm Beach, FL 33405</subfield></datafield><datafield ind1=" " ind2=" " tag="042"><subfield code="a">nsdp</subfield></datafield><datafield ind1="0" ind2=" " tag="130"><subfield code="a">Evening times (West Palm Beach, Fla.)</subfield></datafield><datafield ind1=" " ind2="4" tag="222"><subfield code="a">The Evening times</subfield><subfield code="b">(West Palm Beach, Fla.)</subfield></datafield><datafield ind1="1" ind2="4" tag="245"><subfield code="a">The evening times.</subfield></datafield><datafield ind1=" " ind2=" " tag="260"><subfield code="a">West Palm Beach, Fla. :</subfield><subfield code="b">Daniel J. Maloney</subfield></datafield><datafield ind1=" " ind2=" " tag="310"><subfield code="a">Daily (Mon.-Fri.)</subfield></datafield><datafield ind1=" " ind2=" " tag="550"><subfield code="a">Publisher varies: Palm Beach Newspapers, Inc. &lt;, Apr. 10, 1986-&gt;</subfield></datafield><datafield ind1=" " ind2=" " tag="588"><subfield code="a">Description based on: Thursday, Nov. 1, 1984.</subfield></datafield><datafield ind1=" " ind2=" " tag="588"><subfield code="a">Latest issue consulted: Thurs., Apr. 10, 1986.</subfield></datafield><datafield ind1=" " ind2=" " tag="752"><subfield code="a">United States</subfield><subfield code="b">Florida</subfield><subfield code="c">Palm Beach</subfield><subfield code="d">West Palm Beach.</subfield></datafield><datafield ind1="1" ind2=" " tag="029"><subfield code="a">AU@</subfield><subfield code="b">000025837989</subfield></datafield></record>